%!TEX root = main.tex
@article{lepetit2005monocular,
  title={Monocular model-based 3d tracking of rigid objects: A survey},
  author={Lepetit, Vincent and Fua, Pascal},
  journal={Foundations and trends in computer graphics and vision},
  volume={1},
  number={CVLAB-ARTICLE-2005-002},
  pages={1--89},
  year={2005}
}

@inproceedings{klein2007parallel,
  title={Parallel tracking and mapping for small AR workspaces},
  author={Klein, Georg and Murray, David},
  booktitle={Mixed and Augmented Reality, 2007. ISMAR 2007. 6th IEEE and ACM International Symposium on},
  pages={225--234},
  year={2007},
  organization={IEEE}
}

@article{forstner1986feature,
  title={A feature based correspondence algorithm for image matching},
  author={F{\"o}rstner, Wolfgang},
  journal={International Archives of Photogrammetry and Remote Sensing},
  volume={26},
  number={3},
  pages={150--166},
  year={1986}
}

@inproceedings{harris1988combined,
  title={A combined corner and edge detector.},
  author={Harris, Chris and Stephens, Mike},
  booktitle={Alvey vision conference},
  volume={15},
  pages={50},
  year={1988},
  organization={Manchester, UK}
}

@article{lowe2004distinctive,
  title={Distinctive image features from scale-invariant keypoints},
  author={Lowe, David G},
  journal={International journal of computer vision},
  volume={60},
  number={2},
  pages={91--110},
  year={2004},
  publisher={Springer}
}

@incollection{bay2006surf,
  title={Surf: Speeded up robust features},
  author={Bay, Herbert and Tuytelaars, Tinne and Van Gool, Luc},
  booktitle={Computer Vision--ECCV 2006},
  pages={404--417},
  year={2006},
  publisher={Springer}
}

@article{rosten2010faster,
  title={Faster and better: A machine learning approach to corner detection},
  author={Rosten, Edward and Porter, Reid and Drummond, Tom},
  journal={Pattern Analysis and Machine Intelligence, IEEE Transactions on},
  volume={32},
  number={1},
  pages={105--119},
  year={2010},
  publisher={IEEE}
}